<record><leader>00000cas a22000007a 4500</leader><controlfield tag="001">32576379</controlfield><controlfield tag="008">950531d18771879nyuwr ne      0    0eng d</controlfield><datafield ind1=" " ind2=" " tag="010"><subfield code="a">sn 95071152 </subfield></datafield><datafield ind1=" " ind2=" " tag="040"><subfield code="a">NYS</subfield><subfield code="b">eng</subfield><subfield code="c">NYS</subfield><subfield code="d">OCLCQ</subfield></datafield><datafield ind1=" " ind2=" " tag="042"><subfield code="a">msc</subfield></datafield><datafield ind1="0" ind2=" " tag="130"><subfield code="a">Broadalbin herald (Broadalbin, N.Y. : 1877)</subfield></datafield><datafield ind1="1" ind2="4" tag="245"><subfield code="a">The Broadalbin herald.</subfield></datafield><datafield ind1=" " ind2=" " tag="260"><subfield code="a">Broadalbin, N.Y. :</subfield><subfield code="b">[s.n.]</subfield></datafield><datafield ind1=" " ind2=" " tag="300"><subfield code="a">v.</subfield></datafield><datafield ind1=" " ind2=" " tag="310"><subfield code="a">Weekly</subfield></datafield><datafield ind1="1" ind2=" " tag="362"><subfield code="a">Began with Nov. 29, 1877 issue.</subfield><subfield code="z">Cf. History of Montgomery and Fulton Counties, N.Y. ... 1878.</subfield></datafield><datafield ind1="1" ind2=" " tag="362"><subfield code="a">Ceased in Feb. 1879?</subfield></datafield><datafield ind1=" " ind2=" " tag="500"><subfield code="a">Editor: R.G. Adams, &lt;1878&gt;.</subfield></datafield><datafield ind1=" " ind2=" " tag="515"><subfield code="a">An undated and unnumbered preliminary issue was published by the Kennyetto Card Co., ca. 1877.</subfield></datafield><datafield ind1=" " ind2=" " tag="588"><subfield code="a">Description based on: Vol. 1, no. 41 (Sept. 5, 1878).</subfield></datafield><datafield ind1=" " ind2="4" tag="651"><subfield code="a">Broadalbin (N.Y.)</subfield><subfield code="v">Newspapers.</subfield></datafield><datafield ind1=" " ind2="4" tag="651"><subfield code="a">Fulton County (N.Y.)</subfield><subfield code="v">Newspapers.</subfield></datafield><datafield ind1=" " ind2=" " tag="752"><subfield code="a">United States</subfield><subfield code="b">New York</subfield><subfield code="c">Fulton</subfield><subfield code="d">Broadalbin.</subfield></datafield><datafield ind1="0" ind2="7" tag="785"><subfield code="t">Amsterdam Friday Democrat</subfield><subfield code="w">(DLC)sn 88074625</subfield></datafield><datafield ind1="0" ind2="7" tag="785"><subfield code="t">Amsterdam Friday Democrat and Broadalbin herald</subfield><subfield code="w">(DLC)sn 87070375</subfield></datafield><datafield ind1="1" ind2=" " tag="029"><subfield code="a">AU@</subfield><subfield code="b">000011738103</subfield></datafield></record>